<?xml version="1.0" encoding="UTF-8"?><collection xmlns="http://www.loc.gov/MARC21/slim"><record><leader>00454nam--2200145-i-4500</leader><controlfield tag="001">000045948</controlfield><controlfield tag="002">20161230</controlfield><controlfield tag="005">20170110234935</controlfield><controlfield tag="008">060222s1000------------r-----000-0-eng-d</controlfield><datafield ind1=" " ind2=" " tag="080"><subfield code="a">05:017</subfield></datafield><datafield ind1=" " ind2=" " tag="245"><subfield code="a">Ulrich`s international periodicals directory. A classified guide to current periodicals, foreign and domestic. Volume II: m-z</subfield></datafield><datafield ind1=" " ind2=" " tag="260"><subfield code="a">New York</subfield><subfield code="b">R.R. Bowker Company</subfield><subfield code="c">1971</subfield></datafield><datafield ind1=" " ind2=" " tag="300"><subfield code="a">1007-2016 p</subfield></datafield><datafield ind1=" " ind2=" " tag="852"><subfield code="a">37348</subfield></datafield><datafield ind1=" " ind2=" " tag="CAT"><subfield code="a">SYS</subfield><subfield code="c">20170110</subfield><subfield code="h">234935</subfield></datafield></record></collection>